@article{wu2023aci,
  author = {Wu, Wendy},
  title = {EU Invokes Anti-Coercion Instrument in Response to China-Lithuania Trade Spat},
  journal = {South China Morning Post},
  year = {2023},
  url = {https://www.scmp.com/news/china/diplomacy/article/3210120/eu-invokes-anti-coercion-instrument-response-china-lithuania-trade-spat}
}

@misc{europarl2023aci,
  author = {{European Parliament}},
  title = {The Anti-Coercion Instrument (ACI)},
  year = {2023},
  url = {https://www.europarl.europa.eu/RegData/etudes/BRIE/2023/739344/EPRS_BRI(2023)739344_EN.pdf}
}

@online{asce2022airports,
  author       = {{American Society of Civil Engineers}},
  title        = {Greenland’s Infrastructure to Fly High With 3 New Airports},
  year         = {2022},
  url          = {https://www.asce.org/publications-and-news/civil-engineering-source/civil-engineering-magazine/article/2022/11/greenlands-infrastructure-to-fly-high-with-3-new-airports}
}

@online{arctictoday2022overruns,
  author       = {{Arctic Today}},
  title        = {Greenland’s Airport Upgrade Project Braces for Major Cost Overruns},
  year         = {2022},
  url          = {https://www.arctictoday.com/greenlands-airport-upgrade-project-braces-for-major-cost-overruns}
}

@online{highnorth2021ports,
  author       = {{High North News}},
  title        = {Greenland Port Maintenance Lag Increased by 23 Percent},
  year         = {2021},
  url          = {https://www.highnorthnews.com/en/greenland-port-maintenance-lag-increased-23-percent}
}


@online{suter2024fox,
  author    = {Suter, T.},
  title     = {Fox News's Kilmeade estimates Greenland could cost \$1.5 trillion},
  year      = {2024},
  url       = {https://thehill.com/homenews/administration/5054890-fox-news-brian-kilmeade-greenland/},
  journal   = {The Hill}
}

@article{reuters2025greenland,
  author = {{Reuters}},
  title = {Novo Nordisk, other firms meet Danish PM to discuss Trump tariff threats},
  year = {2025},
  journal = {Reuters},
  url = {https://www.reuters.com/world/denmarks-prime-minister-summons-business-leaders-following-trumps-greenland-2025-01-16/}
}

@online{earle2025greenland,
  author = {Earle, G.},
  title = {Denmark Prime Minister Mette Frederiksen Responds to Trump’s Greenland Proposal},
  year = {2025},
  url = {https://www.dailymail.co.uk/news/article-14289017/Denmark-prime-minister-Mette-Frederiksen-Trump-Greenland.html},
  note = {Daily Mail UK}
}


@misc{greenland2025strategy,
  title        = {Greenland Mineral Resources Strategy 2025–2029},
  author       = {{Government of Greenland}},
  year         = {2025},
  month        = {January},
  url          = {https://naalakkersuisut.gl/-/media/nyheder/2025/01/3101_ny_raastofstrategi/eng_greenland-mineral-resources-strategy-2025-2029.pdf},
  note         = {Accessed: 2025-05-10}
}

@misc{alamy_wak1f6,
  title     = {Frozen harbor with fishing boats, Greenland},
  year      = {n.d.},
  howpublished = {\url{https://c8.alamy.com/comp/WAK1F6/frozen-harbor-with-fishing-boats-greenland-WAK1F6.jpg}},
  note      = {Alamy Stock Photo, Image ID: WAK1F6}
}

@online{anil2025antimony,
  author    = {Anjana Anil and Ashitha Shivaprasad},
  title     = {China's export ban to push antimony prices to new highs},
  year      = {2025},
  date      = {2025-01-07},
  url       = {https://economictimes.indiatimes.com/small-biz/trade/exports/insights/chinas-export-ban-to-push-antimony-prices-to-new-highs/articleshow/117010565.cms},
  note      = {The Economic Times}
}

@online{freightos2025canada,
  author    = {Freightos},
  title     = {Shipping from Canada to the United States},
  year      = {2025},
  url       = {https://www.freightos.com/shipping-routes/shipping-from-canada-to-the-united-states/}
}

@online{dantful2025china,
  author    = {Dantful International Logistics},
  title     = {20 ft Container Shipping Cost from China to USA},
  year      = {2025},
  url       = {https://www.dantful.com/20-ft-container-shipping-cost-from-china-to-usa/}
}

@online{icontainers2025chile,
  author    = {iContainers},
  title     = {Shipping from Chile to the United States},
  year      = {2025},
  url       = {https://www.icontainers.com/trade-lane/chile-to-us/}
}

@online{freightos2025indonesia,
  author    = {Freightos},
  title     = {Shipping from Indonesia to the United States},
  year      = {2025},
  url       = {https://www.freightos.com/shipping-routes/shipping-from-indonesia-to-the-united-states/}
}

@online{freightos2025india,
  author    = {Freightos},
  title     = {Shipping from India to the United States},
  year      = {2025},
  url       = {https://www.freightos.com/shipping-routes/shipping-from-india-to-the-united-states/}
}

@online{thorsson2025greenland,
  author    = {Elias Thorsson},
  title     = {Greenland’s mining boom faces setbacks amid harsh conditions, regulations and local opposition},
  year      = {2025},
  date      = {2025-03-04},
  url       = {https://www.arctictoday.com/greenlands-mining-boom-faces-setbacks-amid-harsh-conditions-regulations-and-local-opposition/}
}

@online{usda2025foodimports,
  author    = {U.S. Department of Agriculture, Economic Research Service},
  title     = {U.S. Food Imports},
  year      = {2025},
  url       = {https://www.ers.usda.gov/data-products/us-food-imports},
  note      = {Updated April 11, 2025. Contact: Angelica Williams},
  timestamp = {2025-05-10}
}

@online{plummer2016greenland,
  author    = {Libby Plummer},
  title     = {Greenland once nearly lost ALL of its ice, and it might do so again: Studies shed light on the area's complex history},
  year      = {2016},
  url       = {https://www.dailymail.co.uk/sciencetech/article-4010080/Greenland-nearly-lost-ice-Studies-shed-light-area-s-complex-history.html}
}

@article{holslag2022controlling,
  title={Controlling the Mine? Assessing China's Emergence as a Minerals Super Power},
  author={Holslag, Jonathan},
  journal={Journal of Contemporary China},
  volume={31},
  number={137},
  pages={663--674},
  year={2022},
  publisher={Taylor \& Francis}
}

@online{slattery2025association,
  author       = {Gram Slattery and Valerie Volcovici and Steve Holland},
  title        = {US considers offering Greenland 'free association' as quest for island intensifies},
  year         = {2025},
  date         = {2025-05-10},
  url          = {https://www.rnz.co.nz/news/world/560547/us-considers-offering-greenland-free-association-as-quest-for-island-intensifies},
  organization = {RNZ News / Reuters}
}

@online{volcovici2025greenland,
  author       = {Valerie Volcovici},
  title        = {US private sector delegation heads to Greenland},
  year         = {2025},
  date         = {2025-05-01},
  url          = {https://www.reuters.com/world/us-private-sector-delegation-heads-greenland-2025-04-30/},
  organization = {Reuters}
}

@online{baskaran2025consequences,
  author       = {Gracelin Baskaran and Meredith Schwartz},
  title        = {The Consequences of China’s New Rare Earths Export Restrictions},
  year         = {2025},
  date         = {2025-04-14},
  url          = {https://www.csis.org/analysis/consequences-chinas-new-rare-earths-export-restrictions},
  organization = {Center for Strategic and International Studies (CSIS)}
}


@misc{executiveorder13953,
  author = {{The White House}},
  title = {Executive Order 13953: Addressing the Threat to the Domestic Supply Chain from Reliance on Critical Minerals from Foreign Adversaries},
  year = {2020},
  url = {https://www.federalregister.gov/documents/2020/09/30/2020-21665/addressing-the-threat-to-the-domestic-supply-chain-from-reliance-on-critical-minerals-from-foreign}
}


@online{garamone2022ndaa,
  author       = {Jim Garamone},
  title        = {Biden Signs National Defense Authorization Act Into Law},
  year         = {2022},
  date         = {2022-12-23},
  url          = {https://www.defense.gov/News/News-Stories/Article/Article/3252968/biden-signs-national-defense-authorization-act-into-law/},
  organization = {U.S. Department of Defense}
}

@article{rivera2018hard,
  title={Hard to sea: Puerto Rico's future under the Jones Act},
  author={Rivera, Marie Olga Luis},
  journal={Loy. Mar. LJ},
  volume={17},
  pages={63},
  year={2018},
  publisher={HeinOnline}
}

@online{usimport2023seafood,
  author = {{US Import Data}},
  title = {Top Seafood Importers in USA},
  year = {2023},
  url = {https://www.usimportdata.com/blogs/top-seafood-importers-in-usa}
}

@online{seafoodsource2023deficit,
  author = {{SeafoodSource}},
  title = {US Seafood Trade Deficit Hit USD 20.3 Billion in 2023},
  year = {2023},
  url = {https://www.seafoodsource.com/news/supply-trade/us-seafood-trade-deficit-hit-usd-20-3-billion-in-2023}
}

@misc{tradingeconomics2023greenland,
  author = {{Trading Economics}},
  title = {United States Exports: Greenland: Meat, Fish, Seafood Preparations},
  year = {2023},
  url = {https://tradingeconomics.com/united-states/exports/greenland/meat-fish-seafood-preparations}
}

@misc{royalarcticline2024freight,
  author = {{Royal Arctic Line}},
  title = {Freight Terms and Tariffs},
  year = {2024},
  url = {https://www.royalarcticline.com/media/1255763/fraight-terms-v19_eng.pdf}
}

@misc{intlvanlines2024shipping,
  author = {{International Van Lines}},
  title = {Container Shipping Costs},
  year = {2024},
  url = {https://internationalvanlines.com/container-shipping-costs/}
}

@misc{eufisheries2024greenland,
  author = {{European Commission}},
  title = {Greenland: Sustainable Fisheries Partnership Agreement},
  year = {2024},
  url = {https://oceans-and-fisheries.ec.europa.eu/fisheries/international-agreements/sustainable-fisheries-partnership-agreements-sfpas/greenland_en}
}

@online{fda2025seafood,
  author = {{U.S. Food and Drug Administration}},
  title = {Seafood Imports and Exports},
  year = {2025},
  url = {https://www.fda.gov/food/food-imports-exports/seafood-imports-and-exports}
}

@online{investopedia2024minerals,
  author = {{Investopedia Staff}},
  title = {Greenland’s Billions in Rare Earth Minerals},
  year = {2024},
  url = {https://www.investopedia.com/greenland-s-billions-in-rare-earth-minerals-8777937}
}

@online{reuters2025cofa,
  author = {Reuters},
  title = {US weighs special status for Greenland as quest for island intensifies},
  year = {2025},
  url = {https://www.reuters.com/world/us-weighs-special-status-greenland-quest-island-intensifies-2025-05-09/}
}


@incollection{andersen2021greenlandic,
  title={The Greenlandic economy: Structure and prospects},
  author={Andersen, Torben M},
  booktitle={Greenland's Economy and Labour Markets},
  pages={11--29},
  year={2021},
  publisher={Routledge}}

@misc{oec2025,
  author={{Observatory of Economic Complexity}},
  year={2025},
  title={Greenland (GRL) Exports, Imports, and Trade Partners},
  url={https://oec.world/en/profile/country/grl}}

@online{mcgwin2021greenland,
  author       = {Kevin McGwin},
  title        = {Greenland restores uranium ban — likely halting a controversial rare earths mine},
  year         = {2021},
  date         = {2021-11-10},
  url          = {https://www.arctictoday.com/greenland-restores-uranium-ban-a-move-likely-to-halt-a-controversial-rare-earths-mine/},
  organization = {ArcticToday},
  annotation   = {This article reports on Greenland’s decision to reinstate its uranium mining ban, effectively halting the controversial Kvanefjeld rare earth and uranium project.}}

@inproceedings{moller2020current,
  title={Current building strategies in Greenland},
  author={M{\o}ller, Eva B and Lading, Tove},
  booktitle={E3S Web of Conferences},
  volume={172},
  pages={19004},
  year={2020},
  organization={EDP Sciences}}

@article{taarup2022arctic,
  title        = {Arctic supply chain reliability in Baffin Bay and Greenland},
  author       = {Taarup-Esbensen, Jacob and Gudmestad, Ove Tobias},
  journal      = {Polar Geography},
  volume       = {45},
  number       = {2},
  pages        = {77--100},
  year         = {2022},
  publisher    = {Taylor \& Francis}}

@online{joshi2022ports,
  author       = {Rishab Joshi},
  title        = {7 Major Ports in Greenland},
  year         = {2022},
  url          = {https://www.marineinsight.com/know-more/ports-in-greenland/},
  organization = {Marine Insight},
  annotation   = {This article provides an overview of Greenland’s major ports.. It also notes that many ports are only operational in favorable weather conditions..}}

@online{worldbank2024greenland,
  author       = {{World Bank Group}},
  title        = {Population, total - Greenland},
  year         = {2024},
  url          = {https://data.worldbank.org/indicator/SP.POP.TOTL?locations=GL},
  note         = {Data sources include the United Nations Population Division (World Population Prospects: 2024 Revision), Eurostat, and national statistical offices.},
  organization = {World Bank},
  license      = {CC BY-4.0}}

@online{britannica2025greenland,
  title     = {Greenland Ice Sheet},
  author    = {Sanat Pai Raikar},
  year      = {2025},
  url       = {https://www.britannica.com/place/Greenland-Ice-Sheet},
  organization = {Encyclopædia Britannica}}

@online{economic_times2025rare_earths,
  author     = {{Global Desk}},
  title      = {Global Supply Panic: China’s Rare Earth Export Freeze Hits Everyone and Not Just U.S.; Tech, Automotive, and Defense Sectors Brace for Major Global Shortages},
  year       = {2025},
  date       = {2025-04-15},
  url        = {https://economictimes.indiatimes.com/news/international/us/global-supply-panic-chinas-rare-earth-export-freeze-hits-everyone-and-not-just-u-s-tech-automotive-and-defense-sectors-brace-for-major-global-shortages/articleshow/109303555.cms},
  note       = {The Economic Times},
  annotation = {This article explains how China’s freeze on rare earth exports triggered global supply chain disruptions across sectors. It is cited for the claim that China controls over 70\% of global rare earth production and holds some of the world’s largest rare earth ore deposits.}}

@misc{usgs_rare_earths,
  author       = {{National Minerals Information Center}},
  title        = {Rare Earths Statistics and Information},
  year         = {2024},
  url          = {https://www.usgs.gov/centers/national-minerals-information-center/rare-earths-statistics-and-information},
  note         = {U.S. Geological Survey}}

@techreport{usgs2024mcs,
  author      = {{U.S. Geological Survey}},
  title       = {Mineral Commodity Summaries 2024},
  institution = {U.S. Department of the Interior, U.S. Geological Survey},
  year        = {2024},
  url         = {https://pubs.usgs.gov/periodicals/mcs2024/mcs2024.pdf},
  note        = {Accessed via USGS Publications Warehouse}}

@techreport{rosa2023mima,
  author      = {Diogo Rosa and Per Kalvig and Henrik Stendal and Jakob Kløve Keiding},
  title       = {MiMa rapport 2023/1},
  institution = {Geological Survey of Denmark and Greenland (GEUS)},
  year        = {2023},
  url         = {https://data.geus.dk/pure-pdf/MiMa-R_2023_1_web.pdf},
  note        = {Center for Minerals and Materials (MiMa)}}

@online{dempsey2019greenland,
  author     = {Harry Dempsey},
  title      = {US Enticed by Greenland’s Rare Earth Resources},
  year       = {2019},
  date       = {2019-08-19},
  url        = {https://www.ft.com/content/f418bb86-bdb2-11e9-89e2-41e555e96722},
  note       = {Financial Times},
  annotation = {This article highlights U.S. interest in securing rare earth elements from Greenland,
  estimating that the country holds 38.5 million tonnes of rare earth oxides.
  It is cited to support the strategic significance of Greenland’s mineral resources
  in the context of geopolitical competition over critical metals.}}


@online{lv2025china,
  author     = {Amy Lv and Lewis Jackson and Ashitha Shivaprasad},
  title      = {China expands key mineral export controls after US imposes tariffs},
  year       = {2025},
  date       = {2025-02-04},
  url        = {https://www.reuters.com/world/china/china-expands-critical-mineral-export-controls-after-us-imposes-tariffs-2025-02-04/},
  note       = {Reuters}}


@online{batimes2019lithium,
  author     = {{Buenos Aires Times}},
  title      = {Lithium miners Australia and Chile see riches as battery-makers},
  year       = {2019},
  date       = {2019-06-29},
  url        = {https://www.batimes.com.ar/news/economy/lithium-miners-australia-and-chile-see-riches-as-battery-makers.phtml},
  note       = {Buenos Aires Times},
  annotation = {This article highlights how Australia and Chile, the world’s top lithium suppliers,
  are seeking to move beyond raw material extraction and enter battery manufacturing.
  It is cited to support the claim that Chile and Australia currently concentrate
  on raw material production, especially lithium, as a basis for their industrial strategy.}}

@online{lee2024germany,
  author     = {Seungjoo Lee and Max J. Zenglein},
  title      = {Toward Germany--South Korea Cooperation in Economic Security},
  year       = {2024},
  date       = {2024-04-24},
  url        = {https://thediplomat.com/2024/04/toward-germany-south-korea-cooperation-in-economic-security/},
  note       = {The Diplomat},
  annotation = {This article discusses the economic strategies of Germany and South Korea,
  emphasizing their shared reliance on capital-intensive manufacturing.
  It is cited to support the claim that both countries continue to specialize
  in high-value manufacturing sectors despite external geopolitical pressures.}}

@online{bridge2025greenland,
  author    = {Liv Bridge},
  title     = {People point out Donald Trump's 'absurd and embarrassing' comment about Denmark while discussing Greenland rights},
  year      = {2025},
  url       = {https://www.unilad.com/news/politics/donald-trump-greenland-denmark-latest-751498-20250314},
  note      = {UNILAD, published March 14, 2025}}

@online{paddison2025greenland,
  author     = {Laura Paddison},
  title      = {Trump wants to buy Greenland again. Here’s why he’s so interested in the world’s largest island},
  year       = {2025},
  date       = {2025-01-07},
  url        = {https://www.cnn.com/2025/01/07/climate/trump-greenland-climate},
  note       = {CNN}}

@online{mcdonald2019greenland,
  author     = {Jessica McDonald},
  title      = {Here’s why Trump wants to buy Greenland},
  year       = {2019},
  date       = {2019-08-21},
  url        = {https://www.cnbc.com/2019/08/21/heres-why-trump-wants-to-buy-greenland.html},
  note       = {CNBC}}

@online{ewing2019greenland,
  author     = {Philip Ewing},
  title      = {{FACT CHECK: Did Harry Truman Really Try To Buy Greenland Back In The Day?}},
  year       = {2019},
  date       = {2019-08-22},
  url        = {https://www.npr.org/2019/08/22/753192368/fact-check-did-harry-truman-really-try-to-buy-greenland-back-in-the-day},
  note       = {NPR},
  annotation = {This article traces the historical precedent behind President Donald Trump’s proposal to purchase Greenland by revisiting a secret 1946 attempt by President Harry Truman’s administration to buy the territory from Denmark. Based on declassified telegrams and archival evidence, the article details how U.S. Secretary of State James Byrnes offered \$100 million in gold and oil rights in exchange for Greenland, motivated by Cold War concerns about Soviet bombers crossing the Arctic.}}


